%YAML 1.1
%TAG !u! tag:unity3d.com,2011:
--- !u!1 &7926712575273754408
GameObject:
  m_ObjectHideFlags: 0
  m_CorrespondingSourceObject: {fileID: 0}
  m_PrefabInstance: {fileID: 0}
  m_PrefabAsset: {fileID: 0}
  serializedVersion: 6
  m_Component:
  - component: {fileID: 9189638582002814911}
  m_Layer: 0
  m_Name: ef
  m_TagString: Untagged
  m_Icon: {fileID: 0}
  m_NavMeshLayer: 0
  m_StaticEditorFlags: 0
  m_IsActive: 1
--- !u!4 &9189638582002814911
Transform:
  m_ObjectHideFlags: 0
  m_CorrespondingSourceObject: {fileID: 0}
  m_PrefabInstance: {fileID: 0}
  m_PrefabAsset: {fileID: 0}
  m_GameObject: {fileID: 7926712575273754408}
  m_LocalRotation: {x: 0, y: 0, z: 0, w: 1}
  m_LocalPosition: {x: -1.0116313, y: 1.0874573, z: -5.7529297}
  m_LocalScale: {x: 1, y: 1, z: 1}
  m_Children:
  - {fileID: 4046905174713751174}
  - {fileID: 886058937393042455}
  - {fileID: 7552212645525312071}
  - {fileID: 3266792424147158277}
  - {fileID: 751509882410560750}
  - {fileID: 9037133409543280205}
  m_Father: {fileID: 0}
  m_RootOrder: 0
  m_LocalEulerAnglesHint: {x: 0, y: 0, z: 0}
--- !u!1001 &212746903437761681
PrefabInstance:
  m_ObjectHideFlags: 0
  serializedVersion: 2
  m_Modification:
    m_TransformParent: {fileID: 9189638582002814911}
    m_Modifications:
    - target: {fileID: 620989254507311218, guid: 996617e395d2d8c4dbae920d767d33f5,
        type: 3}
      propertyPath: m_Name
      value: bananapeace (4)
      objectReference: {fileID: 0}
    - target: {fileID: 620989254507311231, guid: 996617e395d2d8c4dbae920d767d33f5,
        type: 3}
      propertyPath: m_LocalPosition.x
      value: 0.942
      objectReference: {fileID: 0}
    - target: {fileID: 620989254507311231, guid: 996617e395d2d8c4dbae920d767d33f5,
        type: 3}
      propertyPath: m_LocalPosition.y
      value: -0.618
      objectReference: {fileID: 0}
    - target: {fileID: 620989254507311231, guid: 996617e395d2d8c4dbae920d767d33f5,
        type: 3}
      propertyPath: m_LocalPosition.z
      value: 5.7529297
      objectReference: {fileID: 0}
    - target: {fileID: 620989254507311231, guid: 996617e395d2d8c4dbae920d767d33f5,
        type: 3}
      propertyPath: m_LocalRotation.x
      value: -0
      objectReference: {fileID: 0}
    - target: {fileID: 620989254507311231, guid: 996617e395d2d8c4dbae920d767d33f5,
        type: 3}
      propertyPath: m_LocalRotation.y
      value: -0
      objectReference: {fileID: 0}
    - target: {fileID: 620989254507311231, guid: 996617e395d2d8c4dbae920d767d33f5,
        type: 3}
      propertyPath: m_LocalRotation.z
      value: -0.6169767
      objectReference: {fileID: 0}
    - target: {fileID: 620989254507311231, guid: 996617e395d2d8c4dbae920d767d33f5,
        type: 3}
      propertyPath: m_LocalRotation.w
      value: 0.78698146
      objectReference: {fileID: 0}
    - target: {fileID: 620989254507311231, guid: 996617e395d2d8c4dbae920d767d33f5,
        type: 3}
      propertyPath: m_RootOrder
      value: 4
      objectReference: {fileID: 0}
    - target: {fileID: 620989254507311231, guid: 996617e395d2d8c4dbae920d767d33f5,
        type: 3}
      propertyPath: m_LocalEulerAnglesHint.x
      value: 0
      objectReference: {fileID: 0}
    - target: {fileID: 620989254507311231, guid: 996617e395d2d8c4dbae920d767d33f5,
        type: 3}
      propertyPath: m_LocalEulerAnglesHint.y
      value: 0
      objectReference: {fileID: 0}
    - target: {fileID: 620989254507311231, guid: 996617e395d2d8c4dbae920d767d33f5,
        type: 3}
      propertyPath: m_LocalEulerAnglesHint.z
      value: -76.191
      objectReference: {fileID: 0}
    m_RemovedComponents: []
  m_SourcePrefab: {fileID: 100100000, guid: 996617e395d2d8c4dbae920d767d33f5, type: 3}
--- !u!4 &751509882410560750 stripped
Transform:
  m_CorrespondingSourceObject: {fileID: 620989254507311231, guid: 996617e395d2d8c4dbae920d767d33f5,
    type: 3}
  m_PrefabInstance: {fileID: 212746903437761681}
  m_PrefabAsset: {fileID: 0}
--- !u!1001 &348425920691922024
PrefabInstance:
  m_ObjectHideFlags: 0
  serializedVersion: 2
  m_Modification:
    m_TransformParent: {fileID: 9189638582002814911}
    m_Modifications:
    - target: {fileID: 620989254507311218, guid: 996617e395d2d8c4dbae920d767d33f5,
        type: 3}
      propertyPath: m_Name
      value: bananapeace (1)
      objectReference: {fileID: 0}
    - target: {fileID: 620989254507311231, guid: 996617e395d2d8c4dbae920d767d33f5,
        type: 3}
      propertyPath: m_LocalPosition.x
      value: 1.64
      objectReference: {fileID: 0}
    - target: {fileID: 620989254507311231, guid: 996617e395d2d8c4dbae920d767d33f5,
        type: 3}
      propertyPath: m_LocalPosition.y
      value: -0.395
      objectReference: {fileID: 0}
    - target: {fileID: 620989254507311231, guid: 996617e395d2d8c4dbae920d767d33f5,
        type: 3}
      propertyPath: m_LocalPosition.z
      value: 5.7529297
      objectReference: {fileID: 0}
    - target: {fileID: 620989254507311231, guid: 996617e395d2d8c4dbae920d767d33f5,
        type: 3}
      propertyPath: m_LocalRotation.x
      value: -0
      objectReference: {fileID: 0}
    - target: {fileID: 620989254507311231, guid: 996617e395d2d8c4dbae920d767d33f5,
        type: 3}
      propertyPath: m_LocalRotation.y
      value: -0
      objectReference: {fileID: 0}
    - target: {fileID: 620989254507311231, guid: 996617e395d2d8c4dbae920d767d33f5,
        type: 3}
      propertyPath: m_LocalRotation.z
      value: -0.2072139
      objectReference: {fileID: 0}
    - target: {fileID: 620989254507311231, guid: 996617e395d2d8c4dbae920d767d33f5,
        type: 3}
      propertyPath: m_LocalRotation.w
      value: 0.97829574
      objectReference: {fileID: 0}
    - target: {fileID: 620989254507311231, guid: 996617e395d2d8c4dbae920d767d33f5,
        type: 3}
      propertyPath: m_RootOrder
      value: 1
      objectReference: {fileID: 0}
    - target: {fileID: 620989254507311231, guid: 996617e395d2d8c4dbae920d767d33f5,
        type: 3}
      propertyPath: m_LocalEulerAnglesHint.x
      value: 0
      objectReference: {fileID: 0}
    - target: {fileID: 620989254507311231, guid: 996617e395d2d8c4dbae920d767d33f5,
        type: 3}
      propertyPath: m_LocalEulerAnglesHint.y
      value: 0
      objectReference: {fileID: 0}
    - target: {fileID: 620989254507311231, guid: 996617e395d2d8c4dbae920d767d33f5,
        type: 3}
      propertyPath: m_LocalEulerAnglesHint.z
      value: -23.918001
      objectReference: {fileID: 0}
    m_RemovedComponents: []
  m_SourcePrefab: {fileID: 100100000, guid: 996617e395d2d8c4dbae920d767d33f5, type: 3}
--- !u!4 &886058937393042455 stripped
Transform:
  m_CorrespondingSourceObject: {fileID: 620989254507311231, guid: 996617e395d2d8c4dbae920d767d33f5,
    type: 3}
  m_PrefabInstance: {fileID: 348425920691922024}
  m_PrefabAsset: {fileID: 0}
--- !u!1001 &2723490341058819450
PrefabInstance:
  m_ObjectHideFlags: 0
  serializedVersion: 2
  m_Modification:
    m_TransformParent: {fileID: 9189638582002814911}
    m_Modifications:
    - target: {fileID: 620989254507311218, guid: 996617e395d2d8c4dbae920d767d33f5,
        type: 3}
      propertyPath: m_Name
      value: bananapeace (3)
      objectReference: {fileID: 0}
    - target: {fileID: 620989254507311231, guid: 996617e395d2d8c4dbae920d767d33f5,
        type: 3}
      propertyPath: m_LocalPosition.x
      value: 1.183
      objectReference: {fileID: 0}
    - target: {fileID: 620989254507311231, guid: 996617e395d2d8c4dbae920d767d33f5,
        type: 3}
      propertyPath: m_LocalPosition.y
      value: -0.014
      objectReference: {fileID: 0}
    - target: {fileID: 620989254507311231, guid: 996617e395d2d8c4dbae920d767d33f5,
        type: 3}
      propertyPath: m_LocalPosition.z
      value: 5.7529297
      objectReference: {fileID: 0}
    - target: {fileID: 620989254507311231, guid: 996617e395d2d8c4dbae920d767d33f5,
        type: 3}
      propertyPath: m_LocalRotation.x
      value: -0
      objectReference: {fileID: 0}
    - target: {fileID: 620989254507311231, guid: 996617e395d2d8c4dbae920d767d33f5,
        type: 3}
      propertyPath: m_LocalRotation.y
      value: -0
      objectReference: {fileID: 0}
    - target: {fileID: 620989254507311231, guid: 996617e395d2d8c4dbae920d767d33f5,
        type: 3}
      propertyPath: m_LocalRotation.z
      value: 0.36583132
      objectReference: {fileID: 0}
    - target: {fileID: 620989254507311231, guid: 996617e395d2d8c4dbae920d767d33f5,
        type: 3}
      propertyPath: m_LocalRotation.w
      value: 0.93068117
      objectReference: {fileID: 0}
    - target: {fileID: 620989254507311231, guid: 996617e395d2d8c4dbae920d767d33f5,
        type: 3}
      propertyPath: m_RootOrder
      value: 3
      objectReference: {fileID: 0}
    - target: {fileID: 620989254507311231, guid: 996617e395d2d8c4dbae920d767d33f5,
        type: 3}
      propertyPath: m_LocalEulerAnglesHint.x
      value: 0
      objectReference: {fileID: 0}
    - target: {fileID: 620989254507311231, guid: 996617e395d2d8c4dbae920d767d33f5,
        type: 3}
      propertyPath: m_LocalEulerAnglesHint.y
      value: 0
      objectReference: {fileID: 0}
    - target: {fileID: 620989254507311231, guid: 996617e395d2d8c4dbae920d767d33f5,
        type: 3}
      propertyPath: m_LocalEulerAnglesHint.z
      value: 42.918003
      objectReference: {fileID: 0}
    m_RemovedComponents: []
  m_SourcePrefab: {fileID: 100100000, guid: 996617e395d2d8c4dbae920d767d33f5, type: 3}
--- !u!4 &3266792424147158277 stripped
Transform:
  m_CorrespondingSourceObject: {fileID: 620989254507311231, guid: 996617e395d2d8c4dbae920d767d33f5,
    type: 3}
  m_PrefabInstance: {fileID: 2723490341058819450}
  m_PrefabAsset: {fileID: 0}
--- !u!1001 &3510358819773277945
PrefabInstance:
  m_ObjectHideFlags: 0
  serializedVersion: 2
  m_Modification:
    m_TransformParent: {fileID: 9189638582002814911}
    m_Modifications:
    - target: {fileID: 620989254507311218, guid: 996617e395d2d8c4dbae920d767d33f5,
        type: 3}
      propertyPath: m_Name
      value: bananapeace
      objectReference: {fileID: 0}
    - target: {fileID: 620989254507311231, guid: 996617e395d2d8c4dbae920d767d33f5,
        type: 3}
      propertyPath: m_LocalPosition.x
      value: 0.726
      objectReference: {fileID: 0}
    - target: {fileID: 620989254507311231, guid: 996617e395d2d8c4dbae920d767d33f5,
        type: 3}
      propertyPath: m_LocalPosition.y
      value: -1.29
      objectReference: {fileID: 0}
    - target: {fileID: 620989254507311231, guid: 996617e395d2d8c4dbae920d767d33f5,
        type: 3}
      propertyPath: m_LocalPosition.z
      value: 5.7529297
      objectReference: {fileID: 0}
    - target: {fileID: 620989254507311231, guid: 996617e395d2d8c4dbae920d767d33f5,
        type: 3}
      propertyPath: m_LocalRotation.x
      value: -0
      objectReference: {fileID: 0}
    - target: {fileID: 620989254507311231, guid: 996617e395d2d8c4dbae920d767d33f5,
        type: 3}
      propertyPath: m_LocalRotation.y
      value: -0
      objectReference: {fileID: 0}
    - target: {fileID: 620989254507311231, guid: 996617e395d2d8c4dbae920d767d33f5,
        type: 3}
      propertyPath: m_LocalRotation.z
      value: -0.27377105
      objectReference: {fileID: 0}
    - target: {fileID: 620989254507311231, guid: 996617e395d2d8c4dbae920d767d33f5,
        type: 3}
      propertyPath: m_LocalRotation.w
      value: 0.9617949
      objectReference: {fileID: 0}
    - target: {fileID: 620989254507311231, guid: 996617e395d2d8c4dbae920d767d33f5,
        type: 3}
      propertyPath: m_RootOrder
      value: 0
      objectReference: {fileID: 0}
    - target: {fileID: 620989254507311231, guid: 996617e395d2d8c4dbae920d767d33f5,
        type: 3}
      propertyPath: m_LocalEulerAnglesHint.x
      value: 0
      objectReference: {fileID: 0}
    - target: {fileID: 620989254507311231, guid: 996617e395d2d8c4dbae920d767d33f5,
        type: 3}
      propertyPath: m_LocalEulerAnglesHint.y
      value: 0
      objectReference: {fileID: 0}
    - target: {fileID: 620989254507311231, guid: 996617e395d2d8c4dbae920d767d33f5,
        type: 3}
      propertyPath: m_LocalEulerAnglesHint.z
      value: -31.778002
      objectReference: {fileID: 0}
    m_RemovedComponents: []
  m_SourcePrefab: {fileID: 100100000, guid: 996617e395d2d8c4dbae920d767d33f5, type: 3}
--- !u!4 &4046905174713751174 stripped
Transform:
  m_CorrespondingSourceObject: {fileID: 620989254507311231, guid: 996617e395d2d8c4dbae920d767d33f5,
    type: 3}
  m_PrefabInstance: {fileID: 3510358819773277945}
  m_PrefabAsset: {fileID: 0}
--- !u!1001 &6940305464974500408
PrefabInstance:
  m_ObjectHideFlags: 0
  serializedVersion: 2
  m_Modification:
    m_TransformParent: {fileID: 9189638582002814911}
    m_Modifications:
    - target: {fileID: 620989254507311218, guid: 996617e395d2d8c4dbae920d767d33f5,
        type: 3}
      propertyPath: m_Name
      value: bananapeace (2)
      objectReference: {fileID: 0}
    - target: {fileID: 620989254507311231, guid: 996617e395d2d8c4dbae920d767d33f5,
        type: 3}
      propertyPath: m_LocalPosition.x
      value: 0.421
      objectReference: {fileID: 0}
    - target: {fileID: 620989254507311231, guid: 996617e395d2d8c4dbae920d767d33f5,
        type: 3}
      propertyPath: m_LocalPosition.y
      value: -0.465
      objectReference: {fileID: 0}
    - target: {fileID: 620989254507311231, guid: 996617e395d2d8c4dbae920d767d33f5,
        type: 3}
      propertyPath: m_LocalPosition.z
      value: 5.7529297
      objectReference: {fileID: 0}
    - target: {fileID: 620989254507311231, guid: 996617e395d2d8c4dbae920d767d33f5,
        type: 3}
      propertyPath: m_LocalRotation.x
      value: -0
      objectReference: {fileID: 0}
    - target: {fileID: 620989254507311231, guid: 996617e395d2d8c4dbae920d767d33f5,
        type: 3}
      propertyPath: m_LocalRotation.y
      value: -0
      objectReference: {fileID: 0}
    - target: {fileID: 620989254507311231, guid: 996617e395d2d8c4dbae920d767d33f5,
        type: 3}
      propertyPath: m_LocalRotation.z
      value: -0.99268657
      objectReference: {fileID: 0}
    - target: {fileID: 620989254507311231, guid: 996617e395d2d8c4dbae920d767d33f5,
        type: 3}
      propertyPath: m_LocalRotation.w
      value: 0.1207203
      objectReference: {fileID: 0}
    - target: {fileID: 620989254507311231, guid: 996617e395d2d8c4dbae920d767d33f5,
        type: 3}
      propertyPath: m_RootOrder
      value: 2
      objectReference: {fileID: 0}
    - target: {fileID: 620989254507311231, guid: 996617e395d2d8c4dbae920d767d33f5,
        type: 3}
      propertyPath: m_LocalEulerAnglesHint.x
      value: 0
      objectReference: {fileID: 0}
    - target: {fileID: 620989254507311231, guid: 996617e395d2d8c4dbae920d767d33f5,
        type: 3}
      propertyPath: m_LocalEulerAnglesHint.y
      value: 0
      objectReference: {fileID: 0}
    - target: {fileID: 620989254507311231, guid: 996617e395d2d8c4dbae920d767d33f5,
        type: 3}
      propertyPath: m_LocalEulerAnglesHint.z
      value: -166.13301
      objectReference: {fileID: 0}
    m_RemovedComponents: []
  m_SourcePrefab: {fileID: 100100000, guid: 996617e395d2d8c4dbae920d767d33f5, type: 3}
--- !u!4 &7552212645525312071 stripped
Transform:
  m_CorrespondingSourceObject: {fileID: 620989254507311231, guid: 996617e395d2d8c4dbae920d767d33f5,
    type: 3}
  m_PrefabInstance: {fileID: 6940305464974500408}
  m_PrefabAsset: {fileID: 0}
--- !u!1001 &8499535612110071346
PrefabInstance:
  m_ObjectHideFlags: 0
  serializedVersion: 2
  m_Modification:
    m_TransformParent: {fileID: 9189638582002814911}
    m_Modifications:
    - target: {fileID: 620989254507311218, guid: 996617e395d2d8c4dbae920d767d33f5,
        type: 3}
      propertyPath: m_Name
      value: bananapeace (5)
      objectReference: {fileID: 0}
    - target: {fileID: 620989254507311231, guid: 996617e395d2d8c4dbae920d767d33f5,
        type: 3}
      propertyPath: m_LocalPosition.x
      value: 1.532
      objectReference: {fileID: 0}
    - target: {fileID: 620989254507311231, guid: 996617e395d2d8c4dbae920d767d33f5,
        type: 3}
      propertyPath: m_LocalPosition.y
      value: -1.107
      objectReference: {fileID: 0}
    - target: {fileID: 620989254507311231, guid: 996617e395d2d8c4dbae920d767d33f5,
        type: 3}
      propertyPath: m_LocalPosition.z
      value: 5.7529297
      objectReference: {fileID: 0}
    - target: {fileID: 620989254507311231, guid: 996617e395d2d8c4dbae920d767d33f5,
        type: 3}
      propertyPath: m_LocalRotation.x
      value: -0
      objectReference: {fileID: 0}
    - target: {fileID: 620989254507311231, guid: 996617e395d2d8c4dbae920d767d33f5,
        type: 3}
      propertyPath: m_LocalRotation.y
      value: -0
      objectReference: {fileID: 0}
    - target: {fileID: 620989254507311231, guid: 996617e395d2d8c4dbae920d767d33f5,
        type: 3}
      propertyPath: m_LocalRotation.z
      value: 0.6991395
      objectReference: {fileID: 0}
    - target: {fileID: 620989254507311231, guid: 996617e395d2d8c4dbae920d767d33f5,
        type: 3}
      propertyPath: m_LocalRotation.w
      value: 0.7149854
      objectReference: {fileID: 0}
    - target: {fileID: 620989254507311231, guid: 996617e395d2d8c4dbae920d767d33f5,
        type: 3}
      propertyPath: m_RootOrder
      value: 5
      objectReference: {fileID: 0}
    - target: {fileID: 620989254507311231, guid: 996617e395d2d8c4dbae920d767d33f5,
        type: 3}
      propertyPath: m_LocalEulerAnglesHint.x
      value: 0
      objectReference: {fileID: 0}
    - target: {fileID: 620989254507311231, guid: 996617e395d2d8c4dbae920d767d33f5,
        type: 3}
      propertyPath: m_LocalEulerAnglesHint.y
      value: 0
      objectReference: {fileID: 0}
    - target: {fileID: 620989254507311231, guid: 996617e395d2d8c4dbae920d767d33f5,
        type: 3}
      propertyPath: m_LocalEulerAnglesHint.z
      value: 88.716
      objectReference: {fileID: 0}
    m_RemovedComponents: []
  m_SourcePrefab: {fileID: 100100000, guid: 996617e395d2d8c4dbae920d767d33f5, type: 3}
--- !u!4 &9037133409543280205 stripped
Transform:
  m_CorrespondingSourceObject: {fileID: 620989254507311231, guid: 996617e395d2d8c4dbae920d767d33f5,
    type: 3}
  m_PrefabInstance: {fileID: 8499535612110071346}
  m_PrefabAsset: {fileID: 0}
